<record xmlns='http://www.loc.gov/MARC21/slim'><leader>01603cim a22003732u 4500</leader><controlfield tag='001'>3602616</controlfield><controlfield tag='005'>20151214183147.0</controlfield><controlfield tag='007'>ss|lmnjluz|nuu</controlfield><controlfield tag='008'>991101s1978    nyunnn         l    eng d</controlfield><datafield ind1=' ' ind2=' ' tag='035'><subfield code='a'>(NIC)notisASF9681</subfield></datafield><datafield ind1=' ' ind2=' ' tag='035'><subfield code='a'>3602616</subfield></datafield><datafield ind1=' ' ind2=' ' tag='035'><subfield code='a'>(OCoLC)63899656</subfield></datafield><datafield ind1=' ' ind2=' ' tag='040'><subfield code='a'>NIC</subfield><subfield code='c'>NIC</subfield><subfield code='d'>NIC</subfield></datafield><datafield ind1='1' ind2=' ' tag='100'><subfield code='a'>Goodall, Jane.</subfield></datafield><datafield ind1='1' ind2='0' tag='245'><subfield code='a'>Social communication in the chimpanzee</subfield><subfield code='h'>[sound recording]</subfield></datafield><datafield ind1=' ' ind2=' ' tag='260'><subfield code='c'>1978.</subfield></datafield><datafield ind1=' ' ind2=' ' tag='300'><subfield code='a'>2 sound cassettes :</subfield><subfield code='b'>analog, mono.</subfield></datafield><datafield ind1=' ' ind2=' ' tag='500'><subfield code='a'>Recorded in Ithaca, NY by Cornell University.</subfield></datafield><datafield ind1=' ' ind2=' ' tag='500'><subfield code='a'>Sponsored by: Kappa Alpha Theta,Biological Sciences, Division of.</subfield></datafield><datafield ind1=' ' ind2=' ' tag='500'><subfield code='a'>Speaker(s): Primate researcher.</subfield></datafield><datafield ind1=' ' ind2=' ' tag='518'><subfield code='a'>Lecture, May 5, 1978.</subfield></datafield><datafield ind1=' ' ind2=' ' tag='520'><subfield code='a'>Goodall discusses the world of the chimpanzee, focusing in particular on the Gombe chimp.  She uses a film and a slide presentation as visual aids in her description of the individual behavior of the animals, their social structure, mating practices, and ability to learn and understand language and sign language.</subfield></datafield><datafield ind1=' ' ind2=' ' tag='540'><subfield code='a'>No reproductions authorized.</subfield></datafield><datafield ind1=' ' ind2='0' tag='650'><subfield code='a'>Chimpanzees.</subfield></datafield><datafield ind1=' ' ind2='0' tag='650'><subfield code='a'>Chimpanzees</subfield><subfield code='x'>Behavior.</subfield></datafield><datafield ind1=' ' ind2='0' tag='650'><subfield code='a'>Mammals</subfield><subfield code='z'>Tanzania</subfield><subfield code='z'>Gombe Stream National Park</subfield><subfield code='x'>Behavior.</subfield></datafield><datafield ind1=' ' ind2='7' tag='650'><subfield code='a'>Chimpanzees</subfield><subfield code='2'>fast</subfield><subfield code='0'>(OCoLC)fst00857088</subfield></datafield><datafield ind1=' ' ind2='7' tag='650'><subfield code='a'>Chimpanzees</subfield><subfield code='x'>Behavior</subfield><subfield code='2'>fast</subfield><subfield code='0'>(OCoLC)fst00857090</subfield></datafield><datafield ind1=' ' ind2='7' tag='650'><subfield code='a'>Mammals</subfield><subfield code='x'>Behavior</subfield><subfield code='2'>fast</subfield><subfield code='0'>(OCoLC)fst01006954</subfield></datafield><datafield ind1=' ' ind2='7' tag='651'><subfield code='a'>Tanzania</subfield><subfield code='z'>Gombe National Park</subfield><subfield code='2'>fast</subfield><subfield code='0'>(OCoLC)fst01692438</subfield></datafield><datafield ind1=' ' ind2='0' tag='830'><subfield code='a'>Kappa Alpha Theta lectures.</subfield></datafield><datafield ind1='1' ind2=' ' tag='899'><subfield code='a'>CULectures</subfield></datafield><datafield ind1=' ' ind2=' ' tag='905'><subfield code='a'>20000330120000.0</subfield></datafield><datafield ind1='2' ind2=' ' tag='948'><subfield code='a'>20141221</subfield><subfield code='b'>m</subfield><subfield code='d'>batch</subfield><subfield code='e'>lts</subfield><subfield code='x'>addfast</subfield></datafield></record>